<?xml version="1.0" encoding="UTF-8"?>
<collection xmlns="http://www.loc.gov/MARC21/slim">
<record>
  <controlfield tag="001">120575</controlfield>
  <controlfield tag="005">20200326134039.0</controlfield>
  <datafield tag="041" ind1="0" ind2="7">
    <subfield code="a">cze</subfield>
  </datafield>
  <datafield tag="046" ind1=" " ind2=" ">
    <subfield code="k">2000</subfield>
  </datafield>
  <datafield tag="245" ind1="0" ind2="0">
    <subfield code="a">Úpravy systému zdravotního pojištění</subfield>
  </datafield>
  <datafield tag="300" ind1=" " ind2=" ">
    <subfield code="a">204 s.</subfield>
  </datafield>
  <datafield tag="598" ind1=" " ind2=" ">
    <subfield code="a">Názvy příloh: 1.: Závěrečná zpráva. 2.: Ekonomika pojištění v oblasti zdraví. 3.: Vývoj zdravotního pojištění v České republice. 4.: Zdraví a potřeby pojištění. 5.: Identifikace hlavních závad koncepce českého systému zdravotního pojištění. 6.: Koncepce úprav systému zdravotního pojištění v České republice. 7.: Možnosti využití koncepce řízené péče v rámci systému zdravotního pojištění. 8.: Analýza systémů zdravotního pojištění ve vybraných evropských státech. 9.: Základní literatura k dílčím zprávám.</subfield>
  </datafield>
  <datafield tag="650" ind1=" " ind2="7">
    <subfield code="a">organizace a řízení zdravotnictví</subfield>
    <subfield code="2">mednas</subfield>
  </datafield>
  <datafield tag="650" ind1=" " ind2="7">
    <subfield code="a">MINISTERSTVO ZDRAVOTNICTVÍ</subfield>
    <subfield code="2">czmesh</subfield>
  </datafield>
  <datafield tag="650" ind1=" " ind2="7">
    <subfield code="a">zdravotní péče - zajištění kvality</subfield>
    <subfield code="2">czmesh</subfield>
  </datafield>
  <datafield tag="650" ind1=" " ind2="7">
    <subfield code="a">zdravotní stav</subfield>
    <subfield code="2">czmesh</subfield>
  </datafield>
  <datafield tag="650" ind1=" " ind2="7">
    <subfield code="a">ekonomika a organizace zdravotní péče</subfield>
    <subfield code="2">czmesh</subfield>
  </datafield>
  <datafield tag="650" ind1=" " ind2="7">
    <subfield code="a">zdravotní péče - zařízení, personál a služby</subfield>
    <subfield code="2">czmesh</subfield>
  </datafield>
  <datafield tag="650" ind1=" " ind2="7">
    <subfield code="a">pojištění zdravotní</subfield>
    <subfield code="2">czmesh</subfield>
  </datafield>
  <datafield tag="650" ind1="1" ind2="7">
    <subfield code="a">zdravotní pojištění</subfield>
    <subfield code="j">health insurance</subfield>
    <subfield code="0">http://psh.ntkcz.cz/skos/PSH1635</subfield>
    <subfield code="2">PSH</subfield>
  </datafield>
  <datafield tag="650" ind1="1" ind2="7">
    <subfield code="a">zdravotnictví</subfield>
    <subfield code="j">health services</subfield>
    <subfield code="0">http://psh.ntkcz.cz/skos/PSH12577</subfield>
    <subfield code="2">PSH</subfield>
  </datafield>
  <datafield tag="720" ind1=" " ind2=" ">
    <subfield code="a">Vepřek, Jaromír</subfield>
  </datafield>
  <datafield tag="856" ind1="4" ind2="0">
    <subfield code="u">http://www.nusl.cz/ntk/nusl-120575</subfield>
    <subfield code="z">PID NUŠL</subfield>
  </datafield>
  <datafield tag="909" ind1="C" ind2="O">
    <subfield code="o">oai:invenio.nusl.cz:120575</subfield>
    <subfield code="p">opengrey</subfield>
    <subfield code="p">global</subfield>
    <subfield code="p">base</subfield>
    <subfield code="q">licensed</subfield>
  </datafield>
  <datafield tag="980" ind1=" " ind2=" ">
    <subfield code="a">grantove_zpravy</subfield>
  </datafield>
  <datafield tag="996" ind1=" " ind2=" ">
    <subfield code="a">Dokument je dostupný v NLK.</subfield>
    <subfield code="b">Available in the National Medical Library.</subfield>
    <subfield code="9">0</subfield>
  </datafield>
  <datafield tag="998" ind1=" " ind2=" ">
    <subfield code="a">narodni_lekarska_knihovna</subfield>
  </datafield>
  <datafield tag="999" ind1="C" ind2="1">
    <subfield code="b">Iga MZ ČR</subfield>
  </datafield>
</record>
</collection>